<record><leader>00000cas a22000007a 4500</leader><controlfield tag="001">28878958</controlfield><controlfield tag="008">930923d18891895wyuwr ne      0    0eng d</controlfield><datafield ind1=" " ind2=" " tag="010"><subfield code="a">sn 93070111 </subfield></datafield><datafield ind1=" " ind2=" " tag="040"><subfield code="a">NVO</subfield><subfield code="b">eng</subfield><subfield code="c">NVO</subfield><subfield code="d">CNW</subfield><subfield code="d">OCLCQ</subfield><subfield code="d">OCLCF</subfield><subfield code="d">OCLCO</subfield></datafield><datafield ind1=" " ind2=" " tag="043"><subfield code="a">n-us-wy</subfield></datafield><datafield ind1="0" ind2=" " tag="130"><subfield code="a">Boomerang (Laramie, Wyo.)</subfield></datafield><datafield ind1="1" ind2="4" tag="245"><subfield code="a">The Boomerang.</subfield></datafield><datafield ind1="1" ind2="7" tag="246"><subfield code="a">Laramie boomerang</subfield></datafield><datafield ind1=" " ind2=" " tag="250"><subfield code="a">Weekly ed.</subfield></datafield><datafield ind1=" " ind2=" " tag="260"><subfield code="a">Laramie, Wyo. Territory :</subfield><subfield code="b">McKee &amp; Chapin</subfield></datafield><datafield ind1=" " ind2=" " tag="300"><subfield code="a">v.</subfield></datafield><datafield ind1=" " ind2=" " tag="310"><subfield code="a">Weekly (on Thursday)</subfield></datafield><datafield ind1="0" ind2=" " tag="362"><subfield code="a">Vol. 9, no. 4 (Apr. 4, 1889)-v. 15, no. 67 (Oct. 31, 1895).</subfield></datafield><datafield ind1=" " ind2=" " tag="500"><subfield code="a">Issued an Extra ed. about Laramie, Wyo.: Spring, 1889.</subfield></datafield><datafield ind1=" " ind2=" " tag="515"><subfield code="a">Numbering is irregular.</subfield></datafield><datafield ind1=" " ind2=" " tag="580"><subfield code="a">Daily ed.: Daily boomerang, &lt;1881&gt;-May 1, 1901.</subfield></datafield><datafield ind1=" " ind2=" " tag="580"><subfield code="a">Semiweekly ed.: Semi-weekly boomerang, Dec. 3, 1894-Jan. 1, 1912.</subfield></datafield><datafield ind1=" " ind2="0" tag="651"><subfield code="a">Laramie (Wyo.)</subfield><subfield code="v">Newspapers.</subfield></datafield><datafield ind1=" " ind2="0" tag="651"><subfield code="a">Albany County (Wyo.)</subfield><subfield code="v">Newspapers.</subfield></datafield><datafield ind1=" " ind2="7" tag="655"><subfield code="a">Newspapers.</subfield><subfield code="2">fast</subfield><subfield code="0">(OCoLC)fst01423814</subfield></datafield><datafield ind1=" " ind2="7" tag="651"><subfield code="a">Wyoming</subfield><subfield code="z">Albany County.</subfield><subfield code="2">fast</subfield><subfield code="0">(OCoLC)fst01222019</subfield></datafield><datafield ind1=" " ind2="7" tag="651"><subfield code="a">Wyoming</subfield><subfield code="z">Laramie.</subfield><subfield code="2">fast</subfield><subfield code="0">(OCoLC)fst01208818</subfield></datafield><datafield ind1=" " ind2=" " tag="752"><subfield code="a">United States</subfield><subfield code="b">Wyoming</subfield><subfield code="c">Albany</subfield><subfield code="d">Laramie.</subfield></datafield><datafield ind1="1" ind2=" " tag="775"><subfield code="t">Daily boomerang (Laramie, Wyo. : 1884)</subfield><subfield code="w">(DLC)sn 86064499</subfield></datafield><datafield ind1="1" ind2=" " tag="775"><subfield code="t">Semi-weekly boomerang (Laramie, Wyo. : 1894)</subfield><subfield code="w">(DLC)sn 92066985</subfield></datafield><datafield ind1="0" ind2="0" tag="780"><subfield code="t">Weekly boomerang (Laramie, Wyo. : 1881)</subfield><subfield code="w">(DLC)sn 87068362</subfield></datafield><datafield ind1="0" ind2="0" tag="785"><subfield code="t">Weekly boomerang (Laramie, Wyo. : 1895)</subfield><subfield code="w">(DLC)sn 93070112</subfield></datafield></record>